@ONLINE{LeifiPhysikGravitation,
    author  = {LEIFIphysik},
    title   = {Gravitationsgesetz und Feld},
    year    = {},
    url     = {https://www.leifiphysik.de/mechanik/gravitationsgesetz-und-feld},
}

@ONLINE{LeifiPhysikKepler,
    author  = {LEIFIphysik},
    title   = {Erstes Keplersches Gesetz},
    year    = {},
    url     = {https://www.leifiphysik.de/astronomie/planetensystem/grundwissen/erstes-keplersches-gesetz},
}

@BOOK{Haase1998,
  author    = {Rudolf Haase},
  title     = {Johannes Keplers Weltharmonik: Der Mensch im Geflecht von Musik, Mathematik und Astronomie},
  year      = {1998},
  publisher = {Diederichs},
  address   = {München},
  series    = {Diederichs Gelbe Reihe; 145 / Weltkulturen},
  isbn      = {978-3-424-01395-5},
  pages     = {155},
  language  = {german},
  note      = {Printed Book}
}

@ONLINE{Spektrum,
  author    = {Spektrum},
  title     = {Zweikörperproblem},
  year      = {},
  url       = {https://www.spektrum.de/lexikon/physik/zweikoerperproblem/15936},
}

@ARTICLE{Gleisner2013,
    author  = {Frida Gleisner},
    title   = {Two-Body Problem Analysis},
    year    = 2013,
    journal = {DiVA Portal},
    month   = jun,
    url     = {https://www.diva-portal.org/smash/get/diva2:630427/FULLTEXT01.pdf},   
}

@ONLINE{Physik-Schule,
  author    = {Physik-Schule},
  title     = {Zweikörperproblem},
  year      = {},
  url       = {https://www.cosmos-indirekt.de/Physik-Schule/Zweik%C3%B6rperproblem},
}

@ARTICLE{Krug2011,
    author  = {Joachim Krug},
    title   = {Mechanik Vorlesungsunterlagen},
    year    = 2011,
    journal = {University of Cologne},
    url     = {https://www.thp.uni-koeln.de/krug/teaching-Dateien/Mechanik_2011.pdf},
}

@ONLINE{threebodylibretexts,
  author    = {LibreTexts Physics},
  title     = {The Three-Body Problem - Variational Principles in Classical Mechanics},
  year      = {},
  url       = {https://phys.libretexts.org/Bookshelves/Classical_Mechanics/Variational_Principles_in_Classical_Mechanics_(Cline)/11%3A_Conservative_two-body_Central_Forces/11.11%3A_The_Three-Body_Problem},
}

@ARTICLE{Ramos2019,
    author  = {Faustino Palmero Ramos},
    title   = {Three-Body Problem Analysis},
    year    = 2019,
    month   = jun,
    journal = {University of Edinburgh},
    url     = {https://www.maths.ed.ac.uk/~ateckent/vacation_reports/Report_Faustino.pdf},
}

@ONLINE{Weber,
    author  = {Bryan Weber},
    title   = {Circular Restricted Three-Body Problem},
    year    = {},
    url     = {https://orbital-mechanics.space/the-n-body-problem/circular-restricted-three-body-problem.html},
}

@ARTICLE{Zhou&Long2018,
    author  = {Qinglong Zhou and Yiming Long},
    title   = {Euler's Solutions in Classical Mechanics},
    year    = 2018,
    month   = aug,
    journal = {arXiv},
    url     = {https://arxiv.org/pdf/1511.00070},
}

@ONLINE{Swarthmore2005,
  author       = {Swarthmore College},
  title        = {Fourth Order Runge-Kutta},
  year         = {2005},
  url          = {https://lpsa.swarthmore.edu/NumInt/NumIntFourth.html},
}

@ARTICLE{Schäfer2017,
    author  = {Roland Speith und Christoph Schäfer},
    title   = {Computational Physics N-Body Problem},
    year    = 2017,
    month   = oct,
    journal = {University of Tuebingen},
    url     = {https://www.tat.physik.uni-tuebingen.de/~schaefer/teach/f/cp.pdf},
}

@ARTICLE{Wu2024,
    author  = {Henry Wu},
    title   = {Optimizing N-Body Simulation with Barnes-Hut Algorithm and CUDA},
    year    = 2024,
    journal = {Medium},
    url     = {https://medium.com/@hsinhungw/optimizing-n-body-simulation-with-barnes-hut-algorithm-and-cuda-c76e78228c28},
}

@ARTICLE{Burtscher&Pingali2011,
    author  = {Martin Burtscher and Keshav Pingali},
    title   = {An Efficient CUDA Implementation of the Barnes-Hut N-Body Algorithm},
    year    = {2011},
    journal = {ISS Technical Reports},
    url     = {https://iss.oden.utexas.edu/Publications/Papers/burtscher11.pdf},
}

@ONLINE{BarnesHutBeltoforion,
    author  = {Beltoforion},
    title   = {Barnes-Hut Galaxiensimulation},
    year    = {},
    url     = {https://beltoforion.de/de/barnes-hut-galaxiensimulation/},
}

@ONLINE{Heer2017,
    author  = {Jeff Heer},
    title   = {Barnes-Hut Algorithmus},
    year    = 2017,
    url     = {https://jheer.github.io/barnes-hut/},
}

@ONLINE{ReactJSTutorial,
    author  = {ReactJS},
    title   = {React Official Tutorial},
    year    = {},
    url     = {https://legacy.reactjs.org/tutorial/tutorial.html},
}








